2076 2665
206 581 422 642 Boeotiam
456 606 496 641 in
528 605 692 642 Graecia
727 607 1014 654 peragrantibus
1049 611 1159 654 atque
1191 606 1366 642 Haliarto
1401 606 1629 643 Parnassum
1659 608 1881 655 petentibus

205 667 374 703 Lebadia
400 666 447 701 ad
473 666 663 702 sinistram
688 672 764 710 est,
797 667 975 715 oppidum
1002 666 1214 727 Trophonii
1240 667 1392 703 oraculo
1418 667 1507 703 inde
1533 680 1555 703 a
1581 667 1715 705 Croesi
1736 674 1880 718 tempo·
1907 683 1947 697 s
1965 683 2011 713 o„

162 767 165 769 ,
204 729 309 767 ribus
334 726 534 774 (Herodot
560 726 696 775 1,46)
725 740 841 775 usque
868 728 915 764 ad
941 727 1138 764 Plutarchi
1165 719 1238 774 (de
1264 726 1415 764 defectu
1436 739 1535 764 orac.
1558 728 1607 775 5)
1632 740 1777 776 aevum,
1802 743 1877 784 quo

204 795 331 825 cetera
365 788 488 824 omnia
521 788 559 824 in
592 789 752 825 Boeotia
789 789 1053 825 obmutuerant
1085 788 1257 832 oracula,
1297 800 1404 836 quam
1436 789 1595 827 maxime
1622 790 1875 834 nobilitatum.

203 851 323 886 Aucta
356 855 413 885 est
447 854 570 885 autem
604 850 685 885 eius
718 849 862 885 oraculi
894 849 1015 897 gloria
1047 847 1220 897 inprimis
1255 861 1300 883 eo
1332 849 1431 896 quod
1460 849 1763 898 Epaminondas,
1797 852 1877 889 dux

202 912 365 947 omnium
398 909 630 947 Graecorum
666 909 915 954 fortissimus,
960 915 1046 946 aute
1080 921 1241 957 pugnam
1266 908 1528 956 Leuctricam,
1560 911 1877 952 Lacedaemoniis

201 972 576 1017 calamitosissimam,
613 971 806 1008 Thebanis
839 971 919 1019 suis
954 971 1116 1007 animum
1148 970 1294 1016 fecerat
1326 972 1572 1019 responsione
1605 974 1751 1010 oraculi
1776 974 1875 1012 Tro-

199 1033 329 1082 phonii
355 1032 537 1081 (Diodor.
563 1033 640 1069 Sic.
666 1032 747 1067 XV.
772 1044 810 1082 p.
832 1031 917 1067 369.
941 1031 1126 1079 Polyaen.
1150 1031 1203 1076 ΙΙ,
1228 1031 1263 1076 2,
1279 1031 1326 1079 S)
1353 1044 1460 1079 quam
1485 1034 1689 1083 praecipue
1716 1047 1798 1072 eam
1824 1038 1872 1072 ob

198 1106 346 1131 causam
371 1094 599 1141 quaesivisse
632 1093 820 1140 putandus
846 1093 923 1136 est,
957 1093 1056 1139 quod
1081 1092 1340 1128 Aristomenes
1364 1093 1599 1138 Messenius,
1632 1095 1754 1132 victor
1779 1096 1872 1133 item

197 1155 600 1198 Lacedaemoniorum,
644 1154 711 1189 sed
750 1155 860 1200 longe
897 1152 1104 1200 antiquior,
1145 1157 1291 1187 scutum
1325 1166 1434 1188 suum
1467 1154 1688 1203 Trophonio
1722 1169 1912 1216 Q

197 1218 404 1260 dicebatur,
429 1216 548 1251 visum
575 1213 671 1250 illud
696 1212 808 1249 etiam
835 1226 856 1249 a
881 1212 1067 1250 Pausania
1094 1212 1178 1260 (IX,
1200 1212 1260 1249 39.
1283 1212 1341 1249 cf.
1368 1212 1433 1258 IV,
1458 1213 1514 1259 16,
1532 1214 1568 1252 4.
1585 1215 1645 1261 32,
1664 1216 1730 1264 5.).
1773 1216 1871 1255 Eut

197 1283 320 1315 autem
349 1276 562 1325 Trophonii
589 1275 779 1312 oraculum
804 1274 894 1310 hoca
1805 1299 1808 1301 .

469 1338 568 1384 Πρὶν
594 1336 676 1383 boel
701 1336 930 1382 συμβαλέειν
955 1337 1105 1382 ἐχθροῖς
1129 1337 1328 1382 στήσασθε
1353 1337 1538 1381 τρόπαιον

470 1399 627 1434 Ἀσπίδα
651 1400 912 1443 κοσμήσαντες
936 1399 1051 1441 ἐμήν,
1091 1397 1162 1441 τὴν
1186 1396 1315 1431 εἴσατο
1340 1401 1421 1443 νηῷ

471 1461 612 1505 θοῦρος
634 1460 896 1504 Ἀριστομένης
919 1457 1146 1503 Μεσσήνιος.
1175 1456 1293 1503 αὐτὰρ
1318 1460 1390 1503 ἐγώ
1410 1471 1470 1493 τοι

464 1519 626 1565 Ἀνὸρῶν
652 1509 868 1563 δυσμενέων
894 1519 1025 1565 φθίσω
1052 1518 1216 1562 στρατὸν
1244 1518 1481 1552 ἀσπιστάων.

289 1581 504 1616 Arcessitus
545 1580 660 1628 igitur
696 1578 946 1614 Aristomenis
986 1577 1130 1624 clipeus
1173 1582 1231 1611 est
1269 1577 1447 1614 Lebadea
1490 1584 1600 1626 atque
1644 1586 1868 1617 exornatum

194 1648 389 1688 tropaeum
422 1645 506 1675 ante
541 1653 700 1687 pugnam
732 1640 981 1680 commissam,
1024 1643 1066 1672 ut
1100 1638 1245 1672 animus
1278 1640 1552 1675 accenderetur
1585 1641 1868 1678 Thebanorum.

193 1703 336 1738 Postea
367 1714 476 1749 quum
504 1705 781 1737 monumentum
807 1699 999 1747 erigerent
1025 1696 1198 1734 Thebani
1227 1697 1267 1733 in
1293 1699 1506 1736 memoriam
1528 1713 1700 1752 pugnae,
1731 1702 1869 1751 clipeis

192 1770 230 1799 et
256 1776 320 1800 ara
354 1765 603 1806 exornarunt,
637 1762 718 1798 sine
753 1760 867 1797 dubio
899 1760 940 1796 in
964 1759 1143 1795 honorem
1175 1758 1290 1806 clipei
1316 1760 1580 1798 Aristomenis.
1633 1762 1767 1809 ‚Huius
1792 1776 1869 1801 mo-

191 1823 359 1864 numenti
391 1823 590 1872 reliquias,
624 1821 844 1864 felicissime
878 1832 999 1870 nuper
1033 1819 1201 1856 detectas
1231 1820 1275 1856 ab
1310 1820 1504 1858 Ulrichsio
1539 1822 1598 1872 (v.
1625 1824 1867 1872 Kunstblatt.

193 1883 298 1920 184⁰.
324 1898 360 1933 p.
390 1884 494 1933 186.)
528 1885 608 1934 ipse
643 1883 808 1933 spectavi
843 1893 950 1930 quam
982 1885 1069 1918 ante
1102 1881 1173 1916 hoc
1206 1882 1410 1918 triennium
1445 1883 1484 1918 in
1510 1883 1676 1921 Graecia
1701 1887 1867 1934 peregri-

191 1946 316 1981 nabar.
366 1946 582 1994 Supersunt
607 1957 654 1981 ex
680 1944 814 1992 clipeis
839 1942 1010 1979 rotundis
1036 1942 1219 1989 quinque,
1244 1942 1428 1990 triglyphi
1455 1945 1598 1992 aliquot
1626 1951 1665 1982 et
1691 1959 1756 1983 ara
1783 1959 1866 1983 cum

191 2007 437 2055 inscriptione
465 2008 605 2045 ΑΔΕ..
581 2007 712 2043 ἐξἸΩΝ
750 2005 792 2053 (i.
820 2017 853 2040 e.
880 2002 1009 2049 θεῶν).
1060 2002 1222 2039 Videtur
1247 2003 1329 2050 ipsa
1356 2016 1420 2040 ara
1444 2004 1593 2043 inclusa
1623 2007 1743 2045 fuisse
1770 2008 1866 2045 orbi-

192 2070 316 2105 culato
341 2081 449 2105 muro
477 2070 631 2118 clipeis,
665 2066 865 2116 triglyphis
890 2070 929 2101 et
953 2063 1077 2100 innuis
1103 2069 1247 2101 ornato·

285 2129 445 2166 visitavi
480 2130 611 2166 eodem
645 2135 813 2177 tempore
847 2112 1053 2161 Lebadiam
1086 2124 1196 2160 sitam
1233 2125 1334 2161 inter
1365 2127 1595 2166 Heliconem
1633 2135 1671 2166 et
1703 2129 1865 2166 chaero-

189 2203 297 2227 neam
323 2191 475 2240 (Strabo
501 2191 569 2226 IX.
594 2204 631 2239 p.
648 2189 757 2237 285),
782 2194 824 2224 ut
850 2187 883 2222 si
908 2185 999 2233 quid
1025 2186 1211 2233 reliquum
1237 2192 1339 2222 esset
1366 2200 1414 2223 ex
1440 2189 1673 2227 nobilissimo
1700 2191 1867 2236 oraculo,

188 2252 390 2290 Leuctrica
424 2264 547 2301 pugna
581 2252 715 2287 mirum
750 2250 791 2285 in
824 2248 973 2285 modum
1008 2248 1220 2291 celebrato,
1253 2247 1533 2296 investigarem.
1591 2252 1724 2287 Dicam
1750 2251 1866 2299 igitur

190 2314 371 2361 primum·
363 2315 424 2350 -de
450 2313 569 2361 ipsius
594 2312 736 2349 oraculi
762 2314 915 2353 natura,
942 2308 1081 2345 deinde
1102 2307 1155 2345 de
1181 2308 1242 2352 iis,
1268 2321 1363 2356 quae
1390 2310 1673 2368 anvenire
1693 2311 1864 2354 contult.

509 2404 522 2429 Ὗ,
662 2357 1018 2419 ΛῗΞ-χ7μ
1543 2377 1573 2381 ”

239 2442 246 2449 .
256 2447 278 2455 ,w
293 2432 322 2462 5)
329 2441 366 2455 Aa:
392 2448 433 2458 ,νὴ
429 2425 665 2498 'lffioesglppstvvln
680 2441 702 2460 {x
729 2431 744 2446 >
757 2437 816 2457 tum
826 2427 916 2468 (ᾗκίῗιζν

2024 693 2076 727 4„

1925 770 2056 811 9514

2024 932 2076 1014 ι
