2076 2665
919 129 966 134 -
1062 109 1087 143 3
1185 129 1232 134 -

216 204 370 249 ψυχρὸν
399 201 554 248 egregie
583 213 667 237 cum
693 200 741 236 iis
768 198 959 246 conspirat
985 211 1078 246 quae
1105 198 1267 234 diximus
1293 211 1330 246 p.
1354 199 1389 242 6,
1419 198 1498 242 1⁴.;
1524 201 1694 251 Άύὲακες
1718 206 1806 236 sunt
1830 213 1906 238 ser-

224 268 382 311 pentes,
411 262 547 309 quibus
574 261 672 299 offae
700 260 975 297 obiiciebantur
1000 264 1063 296 aut
1088 259 1262 305 ὁαὶμονες
1286 259 1347 306 qui
1380 253 1911 310 Tpofimmddasdicebantur.

222 326 344 370 (Plut.
361 324 409 359 de
428 324 504 359 fac.
523 323 563 358 in
583 324 674 359 orbe
690 322 822 357 Lunae
839 321 916 368 30.)
943 321 989 356 V.
1006 321 1041 356 6.
1060 321 1125 357 Fr.
1146 327 1234 363 παῖς
1260 318 1353 365 εἷσι,·
1378 319 1446 355 sed
1472 322 1522 354 σύ
1546 322 1715 368 pertinet
1739 323 1786 359 ad
1806 323 1913 359 Mne-

222 397 419 433 mosynen.
472 385 520 420 V.
538 384 574 419 8.
591 384 657 420 Fr.
674 384 768 430 διψῇ
795 382 824 418 δ’
853 380 928 428 εἶμι
953 382 1013 430 δή.
1061 382 1122 432 Ex
1150 382 1223 431 αὕη
1250 381 1452 418 concludas
1476 381 1655 419 feminam
1679 384 1799 421 tuisse
1817 396 1913 432 quae

224 448 421 482 oraculum
452 446 724 489 consuluisset,
750 444 824 479 nisi
851 445 897 479 de
915 448 1023 492 ψυχῇ
1041 445 1188 480 omnino
1206 442 1504 491 intelligendum.
1531 443 1576 478 V.
1596 443 1654 479 10.
1671 445 1737 481 Fr.
1753 444 1855 495 καῢ[
1850 458 1912 481 σιν

224 505 548 556 ἀπαλλ]άσσουσι
575 512 677 543 πιεῖν
703 507 811 553 θείης
836 507 912 541 ἀπὸ
937 503 1104 554 [δίψης]
1130 505 1175 541 V.
1199 504 1253 541 ll.
1272 504 1338 542 Fr.
1354 506 1495 540 καίτοι
1512 504 1638 540 ἔπειτα
1658 532 1755 542 .....
1773 509 1912 554 ἡρώεσ-

225 582 287 604 σιν
315 567 482 614 ἀνάξειν.
527 567 739 603 Praeterea
755 578 789 602 v.
810 566 866 601 12.
879 567 942 601 Fr.
963 567 1181 602 vocabulum
1207 567 1316 602 habet
1335 569 1544 613 φανεῖσθαι
1552 580 1566 611 ,·
1594 579 1662 614 ego
1679 578 1770 603 vero
1790 579 1912 616 neque

228 632 326 666 alius
351 641 483 666 versus
510 630 670 676 vestigia
706 640 827 676 neque
853 629 965 663 huius
990 629 1159 664 vocabuli
1184 629 1410 664 lineamenta
1437 634 1540 664 recte
1567 640 1772 676 agnoscere
1792 629 1912 677 potui.

228 693 369 729 'Potum
397 691 625 738 epigramma
651 690 803 725 videtur
829 683 1020 725 oraculum
1046 690 1216 737 pythium
1235 702 1317 725 esse
1337 689 1465 725 neseio
1484 690 1544 725 cui
1569 703 1754 738 personae
1773 690 1912 735 datum,

228 765 323 801 quae
351 764 435 787 cum
461 752 501 787 in
527 751 611 800 ipso
639 751 771 787 mortis
796 750 925 786 limine
954 757 1072 795 esset,
1107 751 1153 786 de
1180 756 1278 786 statu
1304 757 1390 799 post
1415 756 1571 787 mortem
1599 752 1726 789 futuro
1747 752 1914 788 sciscita-

229 820 336 850 retur
362 819 474 860 atque
500 812 548 848 ad
568 812 782 860 Trophonii
809 812 998 847 oraculum
1021 824 1041 847 a
1060 812 1195 859 Pythia
1216 812 1488 848 amandaretur.
1515 812 1599 848 Hoc
1615 818 1737 850 autem
1757 817 1915 862 propter

230 875 459 922 singularem
494 873 666 908 notitiam
703 885 798 920 quae
833 872 933 907 inter
957 878 1157 920 utrumque
1185 874 1374 908 oraculum
1400 873 1660 910 intercedebat
1685 876 1773 923 plus
1798 876 1914 911 semel

229 937 369 972 factum
397 947 481 970 esse
509 934 686 969 concludi
713 939 750 969 et
777 946 822 969 ex
845 934 1032 969 Pausania
1059 939 1185 981 potest
1211 939 1248 969 et
1274 946 1321 969 ex
1348 934 1433 969 aliis
1456 936 1650 984 exemplis.
1700 936 1913 973 Pausaniae

231 999 355 1033 locum
382 995 617 1031 adscribam:
643 995 712 1038 IX,
737 994 797 1038 40,
822 994 853 1028 l.
881 997 923 1029 τὸ
950 994 990 1029 δὲ
1015 1001 1193 1039 μαντεῖον
1220 996 1254 1029 οἱ
1279 996 1443 1030 Βοιωτοὶ
1469 1000 1581 1031 τοῦτο
1608 998 1652 1031 οὐ
1676 1001 1915 1043 πεπυσμένοι

232 1060 421 1103 ,πρότερον
447 1056 503 1090 ἐπ’
532 1056 634 1102 αἰτίᾳ
659 1055 786 1102 τοιᾷδε
813 1055 995 1101 ἔγνωσαν.
1023 1056 1189 1101 θεωροὺς
1214 1056 1279 1102 ἀφ’
1306 1057 1465 1102 ἑκάστης
1488 1058 1636 1100 πόλεως
1660 1058 1798 1104 ἄνδρας
1823 1061 1913 1094 ἀπο-

234 1119 465 1153 στέλλουσιν
491 1118 528 1158 ἐς
553 1116 752 1163 Δελφούς·
781 1116 824 1150 οὐ
847 1117 920 1161 γὰρ
948 1116 993 1162 bvj
1022 1120 1156 1162 σφίσιν
1184 1116 1265 1159 ἔτος
1289 1116 1462 1162 δεύτερον
1488 1112 1553 1152 ὗεν
1579 1120 1599 1153 ὁ
1625 1121 1735 1162 θεός·
1765 1121 1915 1163 τούτοις

234 1182 409 1213 αἰτοῦσιν
442 1179 702 1222 ἐπανόρθωμα
735 1180 803 1210 τοῦ
838 1176 984 1222 αὐχμοῦ
1017 1176 1251 1222 προσέταξεν
1284 1179 1307 1224 ἡ
1333 1178 1462 1211 Πυθία
1494 1180 1595 1225 παρὰ
1627 1179 1853 1228 Τροφώνιον
1878 1184 1915 1224 ἐς

235 1240 451 1286 Λεβάδειαν
476 1238 665 1279 ἐλθόντας
688 1236 872 1283 εὕρασθαι
897 1239 1000 1282 παρὰ
1025 1240 1168 1272 ἐκείνου
1194 1240 1237 1273 τὸ
1263 1238 1363 1283 ἴαμα.
1414 1238 1550 1287 Eurip.
1570 1240 1651 1276 Ion.
1671 1240 1745 1277 3⁰0
1762 1253 1815 1290 sq.
1855 1243 1913 1280 Cf.

234 1303 349 1337 Hom.
369 1301 496 1347 hymn.
514 1299 641 1345 Apoll.
660 1297 734 1333 296
758 1310 811 1344 sq.
863 1298 969 1345 Quae
996 1298 1119 1333 omnia
1144 1299 1175 1333 si
1203 1305 1304 1334 recte
1326 1305 1412 1335 sunt
1431 1300 1621 1347 disputata
1640 1304 1914 1341 consectarium

236 1367 295 1398 est
319 1361 506 1397 Jacobum
533 1358 733 1406 Millingen
766 1358 886 1394 virum
922 1358 1170 1394 clarissimum
1203 1359 1397 1406 possidere
1432 1361 1537 1408 quasi
1563 1363 1816 1411 αὐτόγραφον.
1835 1379 1914 1403 ora-

238 1423 315 1459 culi
348 1420 540 1468 delphici,
577 1419 675 1466 quod
702 1431 723 1455 a
749 1419 1008 1455 sacerdotibus
1035 1419 1105 1455 sibi
1138 1420 1318 1458 traditum
1342 1426 1498 1469 propter
1522 1434 1698 1460 summam
1724 1425 1913 1473 Apollinis

237 1482 492 1519 reverentiam
517 1480 558 1515 in
585 1491 699 1515 aurea
725 1479 860 1514 lamina
888 1485 927 1514 ut
953 1492 1041 1515 vere
1067 1485 1190 1525 χρυσᾶ
1217 1481 1290 1527 ἔπη
1309 1493 1392 1518 esse
1411 1488 1608 1530 appareret
1626 1484 1780 1522 inscribi
1803 1487 1915 1524 iussit

238 1545 271 1580 is
298 1542 360 1589 qui
389 1541 502 1577 deum
528 1540 744 1575 sciscitatus
771 1545 861 1575 erat.

268 1650 270 1652 ,
336 1602 396 1638 De
432 1600 519 1637 aliis
552 1598 861 1648 inscriptionibus
888 1600 931 1635 ab
951 1599 1044 1635 -aliis
1069 1598 1260 1637 Lebadiae
1286 1602 1448 1649 repertis
1474 1608 1582 1651 atque
1610 1618 1630 1641 a
1655 1606 1848 1645 Boeckhio
1876 1616 1914 1645 et

238 1663 384 1700 Leakio
413 1661 529 1698 editis
554 1671 656 1697 nunc
681 1671 756 1696 non
782 1659 914 1696 dicam.
974 1659 1253 1707 Emergendum
1280 1667 1337 1698 est
1362 1663 1459 1700 enim
1486 1677 1532 1701 ex
1559 1677 1673 1712 specu
1701 1667 1913 1717 Trophonii

240 1725 288 1763 ad
314 1724 438 1762 lucem
464 1721 584 1772 ipsam
609 1725 648 1758 et
673 1720 869 1758 sollemnia
895 1719 1163 1769 disputationis
1190 1721 1389 1761 indicenda
1415 1737 1483 1773 qua
1509 1727 1567 1764 vir
1593 1728 1833 1767 doctissimus

367 1783 610 1821 GAROLUS
638 1782 889 1818 voLcMAR
914 1783 1057 1818 sToY
1084 1783 1329 1831 Pegaviensis
1357 1786 1625 1837 Philosophiae
1652 1790 1785 1828 doctor

238 1850 275 1883 d.
303 1847 428 1882 XXII.
454 1844 658 1880 Februarii
691 1844 773 1879 hor.
800 1844 868 1879 XI.
902 1845 1251 1880 commentationem
1275 1859 1376 1883 suam
1400 1849 1446 1884 de
1476 1853 1712 1888 auctoritate
1738 1855 1778 1889 fn
1802 1854 1916 1891 rebus

230 1907 522 1956 paedagoglcis
553 1905 792 1941 Platonicae
826 1905 997 1939 civitatis
1022 1906 1264 1952 principibus
1296 1909 1441 1945 tributa
1480 1912 1728 1961 conscriptam
1762 1916 1914 1963 publice

238 1970 467 2006 defensurus
495 1972 564 2003 est.
620 1965 682 2001 Ad
713 1965 809 2001 hanc
842 1965 1134 2012 disputationem
1160 1967 1379 2006 audiendam
1406 1983 1450 2007 ea
1475 1984 1546 2020 qua
1575 1974 1685 2010 decet
1709 1977 1851 2023 pietate
1876 1984 1915 2012 et

239 2028 480 2067 observantia
507 2027 720 2064 invitamus.
