2076 2665
890 133 939 139 ..-
1034 112 1059 147 6
1156 130 1204 137 ..-

204 206 392 242 dicerent.
443 201 491 238 In
515 202 616 238 hunc
642 201 896 251 (καταβάσιου
922 201 1136 244 dicebatur,
1164 200 1372 235 secundum
1398 201 1554 237 Suidam
1579 213 1614 237 v.
1644 200 1884 248 Τροφώνιος)

154 279 166 305 s
207 266 447 302 sciscitantes
473 264 577 300 scala
601 264 897 300 demittebantur
920 275 990 311 per
1014 264 1207 308 angustum
1229 260 1402 297 'foramen
1425 261 1583 299 militi·
1609 262 1694 299 offis
1717 261 1884 310 praediti

206 333 298 376 quas
323 325 543 363 custodibus
568 325 668 362 sacri
692 325 929 374 serpentibus
949 323 1156 360 obiicerent
1182 320 1244 369 (V.
1265 321 1393 358 Schol‘.
1410 322 1606 370 Aristoph.
1632 325 1658 360 1.
1679 325 1705 360 1.
1724 323 1833 360 Suid.
1850 335 1885 358 v.

213 386 466 435 Τροφώνιος),
526 386 613 424 Non
641 387 748 435 prius
782 391 904 422 autem
938 384 1230 421 immittebantur
1254 395 1362 434 quam
1387 384 1605 431 praeparati
1629 385 1793 421 fuissent
1816 397 1887 433 per

207 450 351 497 aliquot
386 448 471 485 dies
496 448 538 485 in
563 449 673 485 domo
697 447 797 484 Boni
823 446 939 483 Genii
965 450 1003 482 et
1027 445 1217 481 Fortunae
1240 443 1464 488 Secundae,
1496 443 1597 481 facto
1621 450 1735 482 antea
1759 446 1808 483 ad
1831 446 1887 482 fo·

206 522 314 547 veam
355 509 412 546 sic
445 509 584 545 dictam
607 508 808 557 Agamedis
840 505 1023 543 sacrificio
1055 503 1241 548 vervecis,
1275 508 1316 540 ut
1346 503 1432 540 fieri
1465 504 1612 541 solebat
1641 504 1719 541 diis
1751 506 1887 543 inferis

208 572 332 620 (Plut.
351 570 407 606 1de
433 581 519 618 gen.
536 569 645 607 Socr.
668 582 706 619 p.
731 569 814 614 382,
842 568 948 605 Tom.
966 566 1072 612 VIII,
1098 566 1144 602 de
1171 564 1246 602 def.
1273 578 1327 602 or.
1342 563 1421 613 38.)
1448 570 1487 602 et
1513 565 1672 614 sumptis
1698 566 1812 603 etia·
1828 563 1887 604 'ex

210 633 394 680 Hercyna
419 630 566 667 balneis
591 631 799 678 haustoque
833 628 937 677 prius
964 640 1010 664 ex
1034 627 1136 664 fonte
1162 625 1303 662 Lethes
1327 630 1440 674 potu,
1478 626 1618 663 deinde
1644 639 1694 663 ex
1718 627 1886 664 Mnemo-

210 705 338 743 syncs.
387 691 529 728 Postea
554 704 649 740 quae
682 691 781 728 infra
805 695 970 740 spectata
995 701 1016 725 a
1039 687 1315 725 sciscitantibus
1341 693 1450 725 erant
1481 694 1521 725 et
1545 688 1677 725 audita
1704 688 1887 726 inscribe-

209 758 349 792 bantur
373 754 413 789 in
436 754 577 789 tabula.
626 748 769 789 Verum
795 764 868 788 non
894 751 1178 787 sciscitabantur
1198 750 1322 785 solum
1346 749 1518 786 homiues
1543 750 1613 786 sed
1638 749 1747 787 multi
1772 749 1885 787 etiam

213 815 353 852 initiati
389 819 477 849 sunt
510 816 625 850 rebus
657 819 744 862 post
776 814 939 848 morbem
972 812 1125 855 futuris,
1164 810 1272 846 modo
1304 810 1414 846 nobis
1446 810 1637 858 incognito
1669 810 1732 859 (V.
1758 811 1885 848 Schol.
1941 836 1948 840 -

213 877 328 913 Arist.
355 874 474 910 Nubb.
503 874 589 910 5⁰8.
616 876 652 911 οἱ
676 877 859 920 μυόμευοι
882 894 932 899 -
954 875 1045 917 μετὰ
1070 874 1140 919 τὴν
1165 872 1343 918 μύησιν).
1394 871 1481 907 Hoc
1507 877 1678 920 tempore
1703 872 1886 920 reliquias

213 935 437 973 nobilissimi
464 936 607 971 oraculi
634 936 761 971 visuro
788 934 985 982 Hercyna,
1012 945 1107 969 nunc
1132 932 1231 968 dicta
1250 933 1354 979 χιλιά
1373 937 1532 981 propter
1550 933 1714 969 calorem
1740 932 1885 982 (Leuke

214 998 375 1034 Travels
399 997 439 1032 in
465 995 659 1043 Nor-thern
686 995 836 1033 Graece
854 996 905 1039 ΙΙ,
932 1008 967 1042 p.
988 995 1073 1039 126,
1099 994 1191 1030 dicit
1217 995 1263 1029 τὰ
1278 994 1413 1041 γλυῷὰ
1437 997 1527 1040 υερά
1553 993 1755 1042 appellari)
1781 995 1886 1031 facil·

214 1060 301 1096 lime
329 1057 566 1106 agnoscitur,
600 1070 671 1094 nec
697 1057 820 1094 minus
845 1057 955 1093 facile
991 1057 1072 1092 fons
1096 1056 1360 1103 Mnemosynes
1393 1058 1418 1103 ἡ
1443 1057 1539 1102 κρύα
1573 1056 1624 1104 (1.
1651 1069 1685 1092 e.
1710 1056 1796 1092 fons
1815 1056 1887 1104 ‘fri-

213 1118 373 1168 gidus),
406 1130 505 1154 nunc
537 1119 745 1167 prosiliam
780 1130 828 1154 ex
858 1119 973 1154 fundo
1000 1118 1116 1166 ipsius
1141 1118 1262 1165 χιλιὰς
1283 1129 1401 1166 prope
1428 1118 1473 1154 ab
1501 1131 1547 1155 eo
1573 1130 1685 1163 saxo,
1720 1117 1819 1165 quod
1846 1118 1887 1154 in

211 1182 366 1216 sinistra
400 1180 607 1228 Hercynae
641 1181 726 1228 ripa
759 1180 799 1215 in
840 1185 984 1215 antrum
1018 1179 1233 1227 quadratum
1268 1184 1486 1215 excavatum
1520 1178 1738 1216 Ulrichsius
1773 1178 1888 1215 habet

209 1254 279 1290 pro
307 1241 404 1276 cella
426 1241 591 1287 Ἀγαθοῦ
617 1241 805 1287 Δαίμονος
831 1246 868 1276 et
887 1241 1046 1288 Ἀγαθῆς
1075 1241 1218 1287 Τύχης,
1251 1245 1455 1276 memorata
1481 1241 1527 1276 ab
1553 1240 1756 1276 Pausania.
1808 1240 1886 1277 Sed
1925 1261 1933 1263 -

211 1303 250 1338 in
276 1303 345 1337 hac
372 1302 469 1337 cella
495 1314 565 1337 nec
591 1303 715 1350 ampla
740 1301 927 1350 8111151160
953 1307 1036 1349 apta
1057 1301 1267 1337 hominibus
1292 1302 1428 1349 quibus
1459 1314 1529 1349 per
1554 1301 1638 1337 dies
1663 1301 1886 1348 aliquotibi

211 1362 455 1399 habitandum
500 1368 601 1407 erat,
641 1362 836 1399 Fortunae
879 1362 1023 1398 domum
1062 1374 1127 1410 ego
1161 1362 1378 1411 neutiquam
1410 1363 1517 1412 potui
1550 1374 1778 1411 agnoscere;
1820 1361 1887 1398 illa

211 1425 310 1459 enim
337 1424 377 1458 in
403 1429 529 1459 monte
557 1424 676 1459 fuisse
701 1424 829 1459 idetur
855 1423 916 1470 (V.
942 1425 1099 1459 Pausan.
1118 1424 1184 1468 lx,
1202 1423 1263 1468 39,
1280 1423 1341 1471 5);
1366 1424 1461 1459 haec
1486 1428 1612 1460 autem
1639 1424 1753 1468 cella,
1788 1423 1887 1459 sicut

210 1486 349 1521 multae
377 1484 475 1519 aliae
505 1485 670 1520 minores
696 1485 736 1520 in
756 1484 889 1519 eodem
908 1497 993 1520 saxo
1013 1486 1224 1532 exsculptae
1243 1485 1364 1532 primo
1382 1486 1507 1521 votiva
1527 1491 1621 1529 erat,
1646 1490 1779 1533 postea
1795 1497 1885 1520 vero

210 1559 231 1582 a
251 1544 480 1581 Christianis
501 1545 663 1593 imagine
685 1548 750 1581 aut
765 1544 934 1592 Virginis
955 1552 1017 1581 aut
1035 1546 1159 1582 Sancti
1180 1546 1341 1582 alicuius
1360 1547 1537 1583 decorata
1557 1547 1665 1583 cuius
1683 1547 1885 1582 etiamnum

212 1606 370 1655 vestigia
396 1606 614 1656 supersunt.
642 1606 700 1642 De
727 1605 786 1641 his
812 1605 865 1642 ita
882 1606 1102 1643 Brandisius
1118 1607 1218 1643 v.1).
1236 1606 1563 1657 (Mittheilungen
1582 1621 1655 1644 aua
1676 1607 1886 1644 Griechen-

211 1668 311 1704 land
335 1663 383 1703 Τ.
412 1668 445 1711 1,
471 1678 508 1715 p.
529 1666 629 1714 243)
665 1668 777 1712 „eine
812 1668 851 1702 in
878 1667 950 1703 den
979 1667 1068 1703 Fels
1087 1669 1285 1716 geleauene
1316 1669 1355 1706 V
1350 1669 1505 1706 orhalle
1530 1670 1597 1705 mit
1622 1669 1741 1705 altem.
1767 1668 1888 1705 Stuclc

209 1741 284 1764 von
317 1728 450 1777 gelber
481 1728 565 1762 und
599 1729 734 1763 ratker
769 1727 981 1776 Faerbung
1013 1729 1214 1774 belclcz‘clet,
1262 1730 1422 1779 morans
1449 1730 1512 1766 die
1545 1729 1667 1766 Reate
1700 1730 1887 1766 sckoener

210 1789 438 1827 Arabeslcen
476 1789 575 1825 noch
609 1789 822 1826 sichtbar.“
888 1789 980 1825 Mihi
1016 1803 1083 1827 nec
1124 1793 1294 1840 antiquae
1329 1805 1398 1828 nec
1433 1792 1613 1840 pulchrae
1649 1791 1885 1828 videbantur.

208 1853 328 1891 Juxta
361 1851 456 1886 hanc
489 1851 623 1886 cellam
657 1852 804 1887 ant‘rum
837 1851 1083 1898 conspicitur,
1117 1855 1211 1900 quod
1238 1853 1456 1890 Ulrichsius
1482 1866 1518 1900 p.
1547 1853 1637 1897 167,
1670 1854 1783 1889 habet
1817 1866 1885 1901 pro

208 1912 412 1961 Agamedis
455 1912 574 1947 sov.ea
640 1912 763 1962 In*
729 1923 819 1947 saxo
866 1913 1164 1960 supereminente
1199 1915 1415 1952 Ulrichsius
1453 1927 1493 1951 se
1529 1914 1667 1962 legisse
1705 1914 1798 1951 dicit
1832 1915 1886 1950 in-

207 1974 457 2022 scriptionem
490 1974 606 2008 hanc:
649 1956 973 2018 EYBOYAOY,
1012 1975 1077 2011 sed
1110 1987 1183 2012 non
1216 1976 1308 2013 satis
1340 1976 1548 2012 verisimile
1586 1981 1643 2013 est
1680 1977 1886 2023 Εὐβούλου

207 2036 393 2083 scriptum
421 2046 504 2068 esse
530 2046 599 2082 pro
628 2034 796 2094 Εὐβῴλυ
824 2035 868 2068 V.
892 2034 1034 2070 Franz.
1068 2036 1265 2073 Elementa
1292 2037 1487 2085 epigraph.
1511 2049 1636 2085 graec.
1670 2050 1706 2085 p.
1737 2036 1807 2073 194
1833 2049 1886 2084 sq.

204 2096 376 2135 Leakius
402 2106 491 2130 vero
518 2095 635 2131 hanc:
760 2105 762 2107 ·
835 2096 868 2131 Ε
883 2096 1008 2131 YBO
1102 2099 1137 2133 A
1152 2097 1185 2134 C

944 2159 982 2193 Is
990 2159 1106 2192 0130

204 2219 289 2268 Ego
317 2217 413 2254 nihil
440 2217 546 2253 aliud
572 2217 700 2253 inveni
726 2217 800 2253 nisi
830 2218 862 2253 E
869 2219 977 2254 YBo
1019 2220 1099 2263 ΑΟ,
1128 2221 1260 2256 relicto
1288 2220 1387 2256 inter
1417 2222 1449 2256 0
1468 2228 1505 2257 et
1519 2222 1558 2256 A
1583 2220 1744 2269 longiori
1765 2220 1886 2268 spatio

205 2293 315 2330 quam
347 2284 390 2316 ut
420 2279 512 2316 inde
545 2279 630 2327 quis
657 2271 1065 2337 ΕΥΒΟᾸἸᾟῙῌῩ]
1101 2282 1338 2318 efficiendum
1364 2294 1448 2319 esse
1474 2282 1704 2331 suspicetur.
1763 2281 1889 2329 Super

204 2344 274 2380 hac
308 2341 560 2389 inscriptione
595 2335 882 2389 conspiciuntur
914 2342 1097 2389 reliquiae
1131 2355 1331 2380 murorum.
1390 2344 1436 2380 In
1468 2350 1595 2381 monte
1628 2343 1710 2391 ipso
1737 2350 1888 2390 praeter
1955 2368 1963 2377 .
