2076 2665
0 0 34 36 ,Γ
87 3 91 9 .

0 178 64 251 71²

870 118 918 123 -
1014 98 1040 133 4
1135 117 1185 124 -..

455 156 496 171 ⁵

140 216 147 239 3
186 185 427 234 Trophonius
453 184 515 231 qui
544 183 687 219 dicitur
713 196 788 220 non
815 191 873 221 est
900 187 1073 222 diversus
1098 198 1120 222 a
1143 180 1309 222 Plutone
1334 195 1403 219 seu
1429 182 1500 218 deo
1526 156 1865 224 inferorum3-nam

122 267 130 279 ι
188 247 367 283 sollemne
385 258 427 281 ac
445 246 599 293 plenum
618 244 702 279 eius
721 245 783 281 dei
802 258 940 282 nomen
959 252 1018 283 est
1035 247 1215 298 Juppiter
1233 243 1489 301 Trophonius.
1515 243 1561 279 V.
1571 243 1661 279 Liv.
1672 240 1789 285 XLV,
1805 240 1866 276 ²⁷.

189 306 393 343 Lebadiae
419 318 566 353 quoque
593 304 774 352 templum
798 306 913 343 Jovia
935 308 1158 356 Trophonii
1181 308 1283 344 adiit
1307 304 1521 354 (Paulus)=
1548 305 1603 340 iba·
1623 315 1735 351 quum
1753 300 1867 338 vidia-

188 373 244 404 set
269 380 311 403 os
334 379 469 415 specus
488 377 564 414 per
590 365 694 413 qnod
717 368 879 404 oraculo
914 372 1065 405 utentes
1088 362 1324 406 sciscitatum
1349 366 1439 411 deos
1464 365 1714 411 descendunt,
1747 364 1867 401 sacri-

181 429 276 477 ficio
309 428 405 465 Jove·
437 426 724 475 Hercynaeque
744 428 885 477 sacto,
932 443 1092 478 quorum
1123 431 1179 467 ibi
1209 430 1388 482 templum
1421 432 1477 464 est
1500 432 1572 465 cet.
1629 426 1774 463 Strabo
1791 425 1866 484 ΙΧ.
1919 430 1924 433 “

188 504 225 538 Ρ.
250 490 334 525 285.
384 489 576 535 Λεβάδεια
602 488 647 522 ὁέ
668 491 774 524 ἐστιυ
801 490 901 526 ὅπου
926 493 1017 535 Διὸς
1047 493 1274 539 Τροφωνίου
1300 495 1479 537 μαντεῖον
1507 488 1651 535 ἵδρυται
1675 481 1869 540 χάσματος
1884 476 1948 499 ‘-

193 553 387 595 ὑπουόμου
413 552 629 594 κατάβασιν
656 549 757 596 ἔχου.
808 552 921 588 Phot.
947 552 993 587 L.
973 565 1051 608 Ρ.
1069 552 1153 606 211.
1180 552 1369 599 Λεβάδεια
1391 572 1438 576 -
1463 553 1503 587 ἐν
1528 564 1553 597 ῃ
1580 550 1666 592 Διὸς
1688 553 1868 594 μαντεῖον

196 613 423 659 Τροφωνίου
449 607 817 654 κατασκευάσαντος.
870 613 1018 660 Quibus
1043 600 1272 649 testimoniis
1296 612 1431 648 titulus
1457 610 1611 647 accedat
1636 622 1657 646 a
1676 621 1733 645 me
1748 608 1868 645 Leba-
1907 624 1909 626 ·

191 673 275 707 diae
302 672 499 715 inventus,
526 671 574 706 de
601 683 674 717 quo
698 677 786 720 post
812 672 959 709 dixero.
1017 673 1337 721 Quemadmodum
1362 672 1478 720 igitur
1498 671 1612 708 Pluto
1638 671 1734 714 Ζεὺς
1757 682 1868 706 κατα-

190 736 346 779 χθόνιος
371 733 432 767 vel
456 734 615 793 χθόνιος
641 731 841 768 dicebatur
866 734 931 803 ita
947 740 985 770 et
1011 735 1072 770 hic
1089 735 1208 779 Ζεύς,
1236 738 1274 770 et
1301 733 1450 783 quidem
1477 732 1697 794 TQ-Poevtog
1713 728 1866 781 propter

190 861 252 891 tur
272 854 499 891 hominibus.
557 852 688 888 Huius
714 854 777 889 dei
804 856 935 891 uxoris
960 855 1215 905 Proserpinae
1241 855 1414 904 Venatio
1434 854 1490 902 (si
1516 858 1620 890 recte
1646 854 1758 890 habet
1783 854 1867 902 Syl-

190 915 313 963 burgii
347 915 462 951 lectio
498 916 626 961 Κόρης
657 916 876 963 καλουμέυη
908 919 1011 963 θήρα
1042 929 1111 965 pro
1146 928 1218 964 qua
1243 902 1459 953 Ulrichsius
1486 916 1611 963 Εόρης
1634 917 1869 963 καλουμένης

182 978 320 1023 ‘'Heus-5
365 976 456 1011 mihi
489 980 617 1011 tamen
640 975 875 1024 Proserpina
900 978 1037 1012 Mortis
1071 978 1142 1013 dea
1172 979 1276 1024 θήρα
1310 984 1413 1012 recte
1439 976 1518 1026 dici*
1539 976 1710 1022 videtur,
1745 989 1867 1025 quem-

194 1037 394 1073 admodum
429 1036 533 1072 Mars
564 1036 648 1084 ipse
683 1037 783 1084 apud
811 1037 1133 1074 Lacedaemonios
1162 1039 1324 1085 θηρίτας
1357 1037 1417 1072 vel
1449 1037 1621 1083 θηρατός
1651 1038 1868 1086 colebatur)

195 1104 233 1134 et
267 1099 448 1144 templum
489 1100 543 1143 τῷ
586 1098 648 1131 Διὶ
688 1102 742 1143 τῷ
783 1100 941 1143 βασιλεῖ
981 1099 1169 1145 (Pausan.
1205 1098 1280 1141 IX,
1312 1097 1379 1141 39,
1406 1095 1455 1142 3)
1498 1102 1756 1133 consecratum
1795 1110 1868 1134 non

196 1161 304 1206 longe
331 1159 460 1194 aberat
494 1169 515 1193 a
543 1157 757 1204 Trophonii
786 1157 880 1193 aede
919 1158 986 1206 (V.
1012 1159 1126 1193 Paus.
1152 1159 1176 1193 l.
1203 1158 1264 1204 1.),
1299 1158 1490 1204 ipsamque
1515 1158 1796 1212 Proserpi-Qu
1806 1160 1870 1207 de-

194 1219 336 1255 texisse
363 1219 556 1255 oraculum
579 1218 678 1254 fama
705 1224 786 1253 erat
819 1219 1006 1266 (Pausan.
1033 1219 1100 1263 IX,
1127 1219 1186 1262 39,
1212 1218 1272 1264 2).
1322 1219 1365 1253 Si
1390 1223 1588 1264 praeterea
1614 1220 1659 1253 ab
1686 1220 1869 1255 Cicerone

196 1280 268 1327 (de
294 1284 370 1315 nat.
396 1279 502 1315 deor.
527 1278 602 1323 ΙΙΙ,
627 1277 700 1325 22)
735 1284 774 1314 et
806 1279 1103 1326 Arnobi0.(IV,
1132 1278 1200 1325 14)
1239 1279 1338 1313 idem
1375 1279 1469 1313 deus
1507 1279 1693 1325 apellatur
1724 1280 1869 1316 Mercu-

197 1341 275 1376 rius
296 1352 365 1387 pro
391 1339 488 1375 Jove
514 1339 627 1374 facile
654 1339 695 1374 id
722 1339 934 1385 explicatur
960 1352 1008 1375 ex
1034 1353 1080 1375 eo
1107 1351 1261 1374 munere
1288 1339 1385 1385 quod
1405 1339 1598 1374 Mercurio
1624 1339 1702 1388 (τῷ
1726 1344 1868 1390 χθονίῳ

190 1399 333 1448 Ἐρμῇ)
366 1399 547 1435 traditum
581 1399 622 1435 in
655 1400 884 1447 mythologia
920 1406 977 1435 est
1011 1401 1216 1447 eodemque
1249 1400 1443 1447 pertinere
1477 1400 1629 1436 videtur
1662 1402 1758 1449 quod
1794 1403 1867 1439 duo

196 1461 320 1508 pueri,
347 1460 484 1507 quibus
504 1460 697 1496 Lebadiae
724 1473 913 1496 sacrorum
941 1461 1175 1507 quorundum
1203 1461 1345 1495 oraculi
1372 1460 1511 1495 tradita
1532 1467 1621 1496 cu'ra
1641 1468 1732 1506 erat,
1760 1466 1870 1509 ἑρμαῖ

196 1522 484 1570 appellabantur
510 1520 698 1568 (Pausan.
724 1520 791 1565 IX,
817 1520 877 1565 39,
903 1520 963 1568 4).

292 1581 398 1621 Huic
438 1581 556 1628 igitur
595 1581 801 1617 inferorum
841 1582 911 1617 deo
948 1589 1104 1629 propter
1138 1587 1315 1628 quatuor
1327 1581 1564 1629 potissimum
1598 1595 1725 1619 causas
1763 1584 1868 1621 sacra

195 1641 388 1680 Lebadiae
414 1639 598 1685 fiebant,
603 1640 770 1689 primum
799 1649 955 1689 propter
980 1649 1105 1677 terrae
1131 1642 1595 1688 secunditatemdjdeinde
1617 1650 1771 1692 propter
1795 1658 1868 1681 me-

148 1734 150 1738 .
178 1703 301 1752 '‘dicas
333 1702 436 1740 vires
472 1698 620 1747 terrae,
663 1703 768 1750 aquis
806 1703 1025 1750 quibusdam
1060 1702 1283 1750 praesertim
1318 1690 1585 1749 conspicuas
1593 1711 1680 1740 tum
1715 1713 1870 1754 propter

157 1772 159 1777 ’
193 1763 487 1812 praesagitionis
513 1768 624 1811 atque
650 1764 818 1800 vaticinii
845 1764 1016 1807 virtutes,
1044 1776 1133 1810 quas
1159 1763 1326 1799 fontibus
1352 1768 1389 1798 et
1409 1761 1663 1801 subterraneis
1682 1770 1867 1814 specubus

193 1825 322 1861 inesse
368 1824 550 1872 putabant
594 1823 963 1879 Graeci,„l¹1'²deni‹1ue
1007 1829 1163 1871 propter
1201 1824 1518 1871 exspectationem
1550 1827 1747 1864 sanctioris
1784 1838 1869 1877 post

193 1892 353 1922 mortem
378 1885 479 1920 vitae
506 1885 606 1932 apud
632 1886 777 1928 inferos
799 1885 1077 1932 transigendae.

244 1977 254 1993 a
287 1947 344 1983 Ac
382 1951 508 1981 terrae
549 1946 701 1993 quidem
743 1947 1037 1990 fecunditatem,
1079 1957 1185 1992 quam
1230 1945 1487 1993 Trophonium
1530 1948 1574 1994 (a
1615 1953 1765 1997 τρέφειν
1805 1964 1867 1987 ne-

190 2020 299 2045 cesse
338 2012 397 2043 est
432 2011 474 2042 ut
515 2018 651 2043 nomen
694 2007 863 2051 derives,
907 2007 1003 2054 quod
1042 2006 1079 2041 in
1120 2006 1473 2053 tituloantiquiori
1507 2011 1603 2057 apud
1636 2011 1867 2049 Boeckhium

190 2070 304 2119 Corp.
331 2069 454 2105 Inscr.
470 2067 502 2113 Ι,
528 2080 565 2116 Ρ.
582 2067 669 2104 770.
696 2068 742 2104 Ν.
765 2068 871 2104 1588.
898 2067 1039 2105 dicitur
1071 2066 1310 2115 Τρεφώυιος)
1334 2080 1533 2115 procreare
1550 2074 1740 2118 putabant,
1761 2088 1868 2121 prae-

188 2136 249 2165 ter
274 2131 399 2179 ipsum
427 2129 691 2178 Trophonium
725 2128 943 2165 indicabant
978 2128 1118 2176 templa
1142 2126 1249 2164 Jovis
1274 2127 1399 2169 Pluvii
1437 2134 1474 2166 et
1500 2129 1652 2169 Cereris
1676 2132 1867 2183 Europae,

148 2189 150 2191 ’
187 2191 313 2227 vicina
346 2191 490 2238 templo
525 2190 740 2238 Trophonii
773 2190 813 2225 in
847 2194 973 2225 monte
1003 2188 1232 2238 Laphystio;
1272 2201 1338 2225 cur
1362 2189 1517 2240 Europa
1551 2193 1651 2230 dicta
1674 2195 1792 2232 Ceres
1818 2198 1867 2235 sit

188 2252 421 2300 perspicitur
447 2264 495 2288 ex
520 2250 713 2300 Hesychii
737 2251 883 2299 glossa:
934 2250 1103 2298 Εὐρώπη
1128 2252 1233 2297 χώρα
1258 2255 1325 2298 τῆς
1349 2251 1488 2296 δύσεως
1513 2254 1537 2301 ἢ
1558 2258 1745 2304 σ’κοτειυή.
1795 2259 1868 2296 Est

187 2313 288 2350 enim
330 2318 367 2350 et
407 2313 502 2350 haec
544 2314 616 2350 dea
659 2312 882 2349 inferorum.
948 2311 1126 2362 Inprimis
1168 2315 1291 2348 autem
1331 2313 1403 2350 huc
1445 2322 1613 2363 spectant
1647 2318 1720 2356 loci
1754 2320 1868 2358 Euri-
